%%%%%%%%%%%%%%%%%%%%%%%%%%%%%%%%%%%%%%%%%%%%%%%%%%%%%%%%%%%%%%%%%%%%%%%%%%%%%
% LaTeX

@misc{LaTeX_in_a_Nutshell,
  author = {Miguel Vidal},
  title = {{LaTeX in a Nutshell (Slides)}},
  howpublished = "\url{http://docencia.etsit.urjc.es/moodle/mod/resource/view.php?id=6052}",
  year = {2012}
}

@misc{WordProcessors,
  author = {Allin Cottrell},
  title = {{Word Processors: Stupid and Inefficient}},
  howpublished = "\url{http://ricardo.ecn.wfu.edu/~cottrell/wp.html}",
  year = {1999}, 
  note = "[Online; accessed 29 Jun 1999]"
}

@misc{LaTeX_talk,
  author = {Jim McQuillan},
  title = {{LaTeX talk}},
  howpublished = "\url{https://www.youtube.com/watch?v=LJYBqvTllgY}",
  year = {2013}, 
  note = "[Online; accessed 11 Dec 2013]"
}

@misc{tex_latex_history,
  author = {David Goulette},
  title = {{TeX/LaTeX history and an intro to TeX files }},
  howpublished = "\url{https://www.youtube.com/watch?v=NAJtERmi7zc}",
  year = {2014}, 
  note = "[Online; accessed 2 Feb 2014]"
}

@misc{latexWebSite,
  author = {Latex project team},
  title = {{LaTeX – A document preparation system}},
  howpublished = "\url{http://www.latex-project.org/}",
  year = {2014}
}

@BOOK{LaTeX_book,
 author = "Wikipedia Community",
   title = "LaTeX book",
   publisher = "Wikipedia",
   edition = "First",
   year = 2014
   }
   
%%%%%%%%%%%%%%%%%%%%%%%%%%%%%%%%%%%%%%%%%%%%%%%%%%%%%%%%%%%%%%%%%%%%%%%%%%%%%
% MariaDB

@misc{Introduction_to_MySQL,
  author = {Santiago Dueñas},
  title = {{Introduction to MySQL (Slides)}},
  howpublished = "\url{http://docencia.etsit.urjc.es/moodle/mod/resource/view.php?id=3786}",
  year = {2012}
}

@misc{mariaDB_monty,
  author = {Michael "Monty" Widenius},
  title = {{MariaDB, the Backward Compatible Branch of MySQL(R) Data}},
  howpublished = "\url{https://www.youtube.com/watch?v=AL1l9Puh0sk}",
  year = {2010},
  publisher = "GoogleTechTalks"
} 
 
@misc{mariaDB_org,
  author = {SkySQLAb},
  title = {{What is MariaDB, and why should you care? }},
  howpublished = "\url{https://www.youtube.com/watch?v=B_dHsTLt674}",
  year = {2013}
} 
 
@misc{mariaDB_beginner_guide,
  author = {Colin Charles},
  title = {{A beginner's guide to MariaDB }},
  howpublished = "\url{https://www.youtube.com/watch?v=ylMFyzhFi_k}",
  year = {2011}
} 

@misc{mariaDB_org,
  author = {Maria DB Community},
  title = {{MariaDB Web Project}},
  howpublished = "\url{https://mariadb.org/}",
  year = {2014}
} 
   
%%%%%%%%%%%%%%%%%%%%%%%%%%%%%%%%%%%%%%%%%%%%%%%%%%%%%%%%%%%%%%%%%%%%%%%%%%%%%
% GNU R
@misc{Introduction_to_R,
  author = {Felipe Ortega},
  title = {{Introduction to R}},
  howpublished = "\url{http://docencia.etsit.urjc.es/moodle/mod/resource/view.php?id=6145}",
  year = {2012}
}

@misc{R_project,
  author = {R project community},
  title = {{R project web side}},
  howpublished = "\url{http://www.r-project.org/}",
  year = {2014}
}

@misc{An_introduction_to_R,
  author = {R Core Team},
  title = {{An Introduction to R - Manual}},
  howpublished = "\url{http://cran.r-project.org/doc/manuals/R-intro.pdf}",
  year = {2014}
}

%%%%%%%%%%%%%%%%%%%%%%%%%%%%%%%%%%%%%%%%%%%%%%%%%%%%%%%%%%%%%%%%%%%%%%%%%%%%%
% Translation in Libre Software
@misc{Translations_in_Libre_Software_slides,
  author = {Laura Arjona Reina},
  title = {{Translations in Libre Software (Slides)}},
  howpublished = "\url{http://docencia.etsit.urjc.es/moodle/mod/resource/view.php?id=9197}",
  year = {2012}
}

@misc{Translations_in_Libre_Software,
  author = {Laura Arjona Reina},
  title = {{Translations in Libre Software (Thesis)}},
  howpublished = "\url{http://larjona.files.wordpress.com/2012/06/larjona_thesis_translations_en.pdf}",
  year = {2012}
}

@misc{InternationalizationW3C,
  author = {W3C},
  title = {{Internationalization (i18n) Activity}},
  howpublished = "\url{http://www.w3.org/International/}",
  year = {2014}
}


%%%%%%%%%%%%%%%%%%%%%%%%%%%%%%%%%%%%%%%%%%%%%%%%%%%%%%%%%%%%%%%%%%%%%%%%%%%%%
% Unix Shells
@misc{Introduction_to_shells,
  author = {Jose Castro},
  title = {{Introduction to shells}},
  howpublished = "\url{http://docencia.etsit.urjc.es/moodle/mod/resource/view.php?id=6337}",
  year = {2012}
}

@misc{unix_tutotial,
  author = {Ashley J.S Mills},
  title = {{Unix Shell Scripting Tutorial}},
  howpublished = "\url{http://supportweb.cs.bham.ac.uk/documentation/tutorials/docsystem/build/tutorials/unixscripting/unixscripting.html}",
  year = {2005}, 
  note = "[Online; accessed 2 Feb 2005]"
}

@misc{unix_tutotial,
  author = {Mark Virtue},
  title = {{Unix Shell Scripting Tutorial - Introduction}},
  howpublished = "\url{http://www.youtube.com/channel/UC1ZioyZqf1UdtaceYD0zuWA}",
  year = {2011}, 
  note = "[Online; accessed 10 Dec 2011]"
}

@misc{unix_tutotial,
  author = {Mark Virtue},
  title = {{Unix Shell Scripting Tutorial - Your First Shell Script (Part 1-5))}},
  howpublished = "\url{http://www.youtube.com/watch?v=JTAC1dPbS9A}",
  year = {2011}, 
  note = "[Online; accessed 10 Dec 2011]"
}

@misc{linux_booting,
  author = {The Linux Juggernaut},
  title = {{Linux Booting process explained }},
  howpublished = "\url{http://www.linuxnix.com/2013/04/linux-booting-process-explained.html}",
  year = {2013}, 
  note = "[Online; accessed 5 Apr 2013]"
}

%%%%%%%%%%%%%%%%%%%%%%%%%%%%%%%%%%%%%%%%%%%%%%%%%%%%%%%%%%%%%%%%%%%%%%%%%%%%%
% Free Software hypervisors
@misc{Free_Software_hypervisors,
  author = {Roberto Andradas},
  title = {{Free Software hypervisors}},
  howpublished = "\url{http://docencia.etsit.urjc.es/moodle/mod/resource/view.php?id=9660}",
  year = {2012}, 
  note = "[Online; accessed 23 Nov 2012]"
}

@misc{Introduction_to_Virtualization,
  author = {Eli the Computer Guy},
  title = {{Introduction to Virtualization}},
  howpublished = "\url{http://www.youtube.com/watch?v=zLJbP6vBk2M}",
  year = {2012}, 
  note = "[Online; accessed 3 Feb 2012]"
}
   
%%%%%%%%%%%%%%%%%%%%%%%%%%%%%%%%%%%%%%%%%%%%%%%%%%%%%%%%%%%%%%%%%%%%%%%%%%%%%
% General

@BOOK{IndroductionFreeSoftware,
 author = "Jordi Mas Hernández (coordinator), David Megías Jiménez (coordinator),Jesús M. González Barahona,Joaquín Seoane Pascual,Gregorio Robles",
   title = "Introduction to Free Software",
   publisher = "UOC",
   edition = "Second",
   year = 2008
   }
